@ARTICLE{AM2302,
	author = {aosong},
	title = {AM2302 Product Manual},
}

@ARTICLE{MPU6050,
	author = {InvenSense},
	title = {MPU-6000 and MPU-6050 Product Specification Revision 3.4},
	year={2013}
}

@ARTICLE{DWM3000Calib,
	author = {Qorvo},
	title = {ANTENNA DELAY CALIBRATION OF DW1000-BASED PRODUCTS AND SYSTEMS},
	year={2024}
}

@inproceedings{ahmad2021evaluation,
  title={On the evaluation of DHT22 temperature sensor for IoT application},
  author={Ahmad, Yasser Asrul and Gunawan, Teddy Surya and Mansor, Hasmah and Hamida, Belal Ahmed and Hishamudin, Adam Fikri and Arifin, Fatchul},
  booktitle={2021 8th international conference on computer and communication engineering (ICCCE)},
  pages={131--134},
  year={2021},
  organization={IEEE}
}

@article{coppens2022overview,
  title={An overview of ultra-wideBand (UWB) standards (IEEE 802.15. 4, FiRa, Apple): Interoperability aspects and future research directions},
  author={Coppens, Dieter and De Poorter, Eli and Shahid, Adnan and Lemey, Sam and Marshall, Chris},
  journal={IEEE Access},
  volume={10},
  pages={1--23},
  year={2022}
}

@inproceedings{leu2022ghost,
  title={Ghost Peak: Practical Distance Reduction Attacks Against $\{$HRP$\}$$\{$UWB$\}$ Ranging},
  author={Leu, Patrick and Camurati, Giovanni and Heinrich, Alexander and Roeschlin, Marc and Anliker, Claudio and Hollick, Matthias and Capkun, Srdjan and Classen, Jiska},
  booktitle={31st USENIX Security Symposium (USENIX Security 22)},
  pages={1343--1359},
  year={2022}
}

@inproceedings{stocker2022performance,
  title={On the performance of ieee 802.15. 4z-compliant ultra-wideband devices},
  author={Stocker, Michael and Brunner, Hannah and Schuh, Maximilian and Boano, Carlo Alberto and R{\"o}mer, Kay},
  booktitle={2022 Workshop on Benchmarking Cyber-Physical Systems and Internet of Things (CPS-IoTBench)},
  pages={28--33},
  year={2022},
  organization={IEEE}
}

@misc{hsu_2021, 
    title={An Overview of the {IEEE} 802.15.4 {HRP} {UWB} Standard}, 
    author={Hsu, Eric},
    howpublished={\url{https://blogs.keysight.com/blogs/tech/rfmw.entry.html/2021/07/28/an_overview_of_IEEE-J7ac.html}},
    journal={Keysight},
    note = {(Accessed: 2022-12-22)},
    year={2021}
} 
 
 @techreport{IEEE4z,
 Institution = {C/LM - LAN/MAN Standards Committee},
 Title = {{{IEEE}} Standard for Low-Rate Wireless Networks--Amendment 1: Enhanced Ultra Wideband ({{UWB}}) Physical Layers ({PHY}s) and Associated Ranging Techniques},
 Type = {{{IEEE}}},
 Year = {2020}
 }

@techreport{IEEE4-2020-7,
 Institution = {C/LM - LAN/MAN Standards Committee},
 Title = {{IEEE} Standard for Low-Rate Wireless Networks},
 Type = {{IEEE}},
 Year = {2020}
 }

@techreport{QorvoGettingBacktoBasics,
 Institution = {Qorvo US, Inc},
 Title = {Getting Back to Basics with Ultra-Wideband (UWB)},
 Year = {2021}
 }
 
 @inproceedings{landi2022iot,
  title={An IoT sensor node for health monitoring of artwork and ancient wooden structures},
  author={Landi, Elia and Parri, Lorenzo and Moretti, Riccardo and Fort, Ada and Mugnaini, Marco and Vignoli, Valerio},
  booktitle={2022 IEEE International Workshop on Metrology for Living Environment (MetroLivEn)},
  pages={110--114},
  year={2022},
  organization={IEEE}
}

@inproceedings{shah2016customized,
  title={Customized IoT enabled wireless sensing and monitoring platform for preservation of artwork in heritage buildings},
  author={Shah, Jalpa and Mishra, Biswajit},
  booktitle={2016 International Conference on Wireless Communications, Signal Processing and Networking (WiSPNET)},
  pages={361--366},
  year={2016},
  organization={IEEE}
}

@article{borg2020application,
  title={The application of state-of-the-art technologies to support artwork conservation: Literature review},
  author={Borg, Braeden and Dunn, Michelle and Ang, Andrew and Villis, Carl},
  journal={Journal of Cultural Heritage},
  volume={44},
  pages={239--259},
  year={2020},
  publisher={Elsevier}
}

@article{schito2017integrated,
  title={Integrated maps of risk assessment and minimization of multiple risks for artworks in museum environments based on microclimate control},
  author={Schito, Eva and Testi, Daniele},
  journal={Building and Environment},
  volume={123},
  pages={585--600},
  year={2017},
  publisher={Elsevier}
}

@article{mecklenburg1991mechanical,
  title={Mechanical behavior of paintings subjected to changes in temperature and relative humidity},
  author={Mecklenburg, Marion F and Tumosa, Charles S},
  journal={Art in transit: studies in the transport of paintings},
  year={1991},
  publisher={National Gallery of Art}
}

@book{michalski1991paintings,
  title={Paintings, their response to temperature, relative humidity, shock and vibration},
  author={Michalski, Stefan},
  year={1991},
  publisher={National Gallery}
}

@article{saunders2004effect,
  title={The effect of relative humidity on artists' pigments},
  author={Saunders, David and Kirby, Jo},
  journal={National Gallery Technical Bulletin},
  volume={25},
  pages={62--72},
  year={2004},
  publisher={JSTOR}
}

@article{gulati2022review,
  title={A review paper on wireless sensor network techniques in Internet of Things (IoT)},
  author={Gulati, Kamal and Boddu, Raja Sarath Kumar and Kapila, Dhiraj and Bangare, Sunil L and Chandnani, Neeraj and Saravanan, G},
  journal={Materials Today: Proceedings},
  volume={51},
  pages={161--165},
  year={2022},
  publisher={Elsevier}
}

@article{garg2021healthcare,
  title={Healthcare monitoring of mountaineers by low power wireless sensor networks},
  author={Garg, Rajesh Kumar and Bhola, Jyoti and Soni, Surender Kumar},
  journal={Informatics in Medicine Unlocked},
  volume={27},
  pages={100775},
  year={2021},
  publisher={Elsevier}
}

@article{spandonidis2022evaluation,
  title={Evaluation of deep learning approaches for oil \& gas pipeline leak detection using wireless sensor networks},
  author={Spandonidis, Christos and Theodoropoulos, Panayiotis and Giannopoulos, Fotis and Galiatsatos, Nektarios and Petsa, Areti},
  journal={Engineering Applications of Artificial Intelligence},
  volume={113},
  pages={104890},
  year={2022},
  publisher={Elsevier}
}

@article{jones2021wireless,
  title={Wireless sensors network for monitoring linear infrastructures using MQTT protocol on raspberry Pi with nRF24101 and node-red},
  author={Jones, Tsangue Ndzenyuy and Christian, GNE Roland and Felix, Paune},
  journal={Instrumentation Mesure Metrologie},
  volume={20},
  number={5},
  pages={247--254},
  year={2021}
}

@article{gezici2008survey,
  title={A survey on wireless position estimation},
  author={Gezici, Sinan},
  journal={Wireless personal communications},
  volume={44},
  pages={263--282},
  year={2008},
  publisher={Springer}
}

@article{gezici2005localization,
  title={Localization via ultra-wideband radios: a look at positioning aspects for future sensor networks},
  author={Gezici, Sinan and Tian, Zhi and Giannakis, Georgios B and Kobayashi, Hisashi and Molisch, Andreas F and Poor, H Vincent and Sahinoglu, Zafer},
  journal={IEEE signal processing magazine},
  volume={22},
  number={4},
  pages={70--84},
  year={2005},
  publisher={IEEE}
}

@article{venkatesh2007nlos,
  title={NLOS mitigation using linear programming in ultrawideband location-aware networks},
  author={Venkatesh, Swaroop and Buehrer, R Michael},
  journal={IEEE transactions on Vehicular Technology},
  volume={56},
  number={5},
  pages={3182--3198},
  year={2007},
  publisher={IEEE}
}

@article{guvencc2007nlos,
  title={NLOS identification and weighted least-squares localization for UWB systems using multipath channel statistics},
  author={G{\"u}ven{\c{c}}, {\.I}smail and Chong, Chia-Chin and Watanabe, Fujio and Inamura, Hiroshi},
  journal={EURASIP Journal on Advances in Signal Processing},
  volume={2008},
  pages={1--14},
  year={2007},
  publisher={Springer}
}

@article{ho2012bias,
  title={Bias reduction for an explicit solution of source localization using TDOA},
  author={Ho, KC},
  journal={IEEE Transactions on Signal Processing},
  volume={60},
  number={5},
  pages={2101--2114},
  year={2012},
  publisher={IEEE}
}

@article{fan2017performance,
  title={Performance enhancement of MEMS-based INS/UWB integration for indoor navigation applications},
  author={Fan, Qigao and Sun, Biwen and Sun, Yan and Zhuang, Xiangpeng},
  journal={IEEE Sensors Journal},
  volume={17},
  number={10},
  pages={3116--3130},
  year={2017},
  publisher={IEEE}
}

@inproceedings{stahlke2020nlos,
  title={NLOS detection using UWB channel impulse responses and convolutional neural networks},
  author={Stahlke, Maximilian and Kram, Sebastian and Mutschler, Christopher and Mahr, Thomas},
  booktitle={2020 International Conference on Localization and GNSS (ICL-GNSS)},
  pages={1--6},
  year={2020},
  organization={IEEE}
}

@inproceedings{stahlke2020nlos,
  title={NLOS detection using UWB channel impulse responses and convolutional neural networks},
  author={Stahlke, Maximilian and Kram, Sebastian and Mutschler, Christopher and Mahr, Thomas},
  booktitle={2020 International Conference on Localization and GNSS (ICL-GNSS)},
  pages={1--6},
  year={2020},
  organization={IEEE}
}

@article{ridolfi2021uwb,
  title={UWB anchor nodes self-calibration in NLOS conditions: A machine learning and adaptive PHY error correction approach},
  author={Ridolfi, Matteo and Fontaine, Jaron and Herbruggen, Ben Van and Joseph, Wout and Hoebeke, Jeroen and Poorter, Eli De},
  journal={Wireless Networks},
  volume={27},
  number={4},
  pages={3007--3023},
  year={2021},
  publisher={Springer}
}

@inproceedings{che2020machine,
  title={Machine learning based approach for indoor localization using ultra-wide bandwidth (UWB) system for industrial internet of things (IIoT)},
  author={Che, Fuhu and Ahmed, Abbas and Ahmed, Qasim Zeeshan and Zaidi, Syed Ali Raza and Shakir, Muhammad Zeeshan},
  booktitle={2020 International Conference on UK-China Emerging Technologies (UCET)},
  pages={1--4},
  year={2020},
  organization={IEEE}
}

@article{rosiak2024effectiveness,
  title={The Effectiveness of UWB-Based Indoor Positioning Systems for the Navigation of Visually Impaired Individuals},
  author={Rosiak, Maria and Kawulok, Mateusz and Ma{\'c}kowski, Micha{\l}},
  journal={Applied Sciences},
  volume={14},
  number={13},
  pages={5646},
  year={2024},
  publisher={MDPI}
}

@article{otim2019effects,
  title={Effects of the body wearable sensor position on the UWB localization accuracy},
  author={Otim, Timothy and D{\'\i}ez, Luis E and Bahillo, Alfonso and Lopez-Iturri, Peio and Falcone, Francisco},
  journal={Electronics},
  volume={8},
  number={11},
  pages={1351},
  year={2019},
  publisher={MDPI}
}

@article{macoir2019uwb,
  title={Uwb localization with battery-powered wireless backbone for drone-based inventory management},
  author={Macoir, Nicola and Bauwens, Jan and Jooris, Bart and Van Herbruggen, Ben and Rossey, Jen and Hoebeke, Jeroen and De Poorter, Eli},
  journal={Sensors},
  volume={19},
  number={3},
  pages={467},
  year={2019},
  publisher={Mdpi}
}

@article{zhu2020adapted,
  title={Adapted error map based mobile robot UWB indoor positioning},
  author={Zhu, Xiaomin and Yi, Jianjun and Cheng, Junyi and He, Liang},
  journal={IEEE Transactions on Instrumentation and Measurement},
  volume={69},
  number={9},
  pages={6336--6350},
  year={2020},
  publisher={IEEE}
}

@article{barbieri2021uwb,
  title={UWB localization in a smart factory: Augmentation methods and experimental assessment},
  author={Barbieri, Luca and Brambilla, Mattia and Trabattoni, Andrea and Mervic, Stefano and Nicoli, Monica},
  journal={IEEE Transactions on Instrumentation and Measurement},
  volume={70},
  pages={1--18},
  year={2021},
  publisher={IEEE}
}

@article{li2024indoor,
  title={Indoor positioning systems in industry 4.0 applications: Current status, opportunities, and future trends},
  author={Li, Peisen and Wu, Wei and Zhao, Zhiheng and Huang, George Q},
  journal={Digital Engineering},
  pages={100020},
  year={2024},
  publisher={Elsevier}
}

@article{elbaum2024investigating,
  title={Investigating children's interactions in preschool classrooms: An overview of research using automated sensing technologies},
  author={Elbaum, Batya and Perry, Lynn K and Messinger, Daniel S},
  journal={Early childhood research quarterly},
  volume={66},
  pages={147--156},
  year={2024},
  publisher={Elsevier}
}

@inproceedings{belli2024cloud,
  title={A Cloud-Oriented Indoor-Outdoor Real-Time Localization IoT Architecture for Industrial Environments},
  author={Belli, Laura and Davoli, Luca and Ferrari, Gianluigi},
  booktitle={2024 IEEE 21st Consumer Communications \& Networking Conference (CCNC)},
  pages={1--6},
  year={2024},
  organization={IEEE}
}

@misc{sysoletin2021nrf52_dht11,
  author    = {Dmitry Sysoletin},
  title     = {nRF52\_DHT11\_example},
  year      = {2021},
  url       = {https://github.com/DSysoletin/nRF52_DHT11_example/tree/main},
  note      = {Accessed: 2024-10-28}
}


@misc{degkwitz2023ultrawideband,
  author    = {Dimitri Degkwitz and Charlotte Eder and Andrina Vincenz},
  title     = {Ultra-Wideband: Just a Fad or Here to Stay? Visualizing and Analyzing UWB Network Traffic},
  year      = {2023},
  note      = {Available online, unpublished},
  howpublished = {\url{https://www.csg.uzh.ch/theses/theses.html?thesisid=335}},
}

@incollection{alaba2024evolution,
  title={The Evolution of the IoT},
  author={Alaba, Fadele Ayotunde},
  booktitle={Internet of Things: A Case Study in Africa},
  pages={1--18},
  year={2024},
  publisher={Springer}
}

@article{jindal2018history,
  title={History and architecture of Wireless sensor networks for ubiquitous computing},
  author={Jindal, Vandana},
  journal={International Journal of Advanced Research in Computer Engineering \& Technology (IJARCET)},
  volume={7},
  number={2},
  pages={214--217},
  year={2018}
}

@inproceedings{heinzelman2000energy,
  title={Energy-scalable algorithms and protocols for wireless microsensor networks},
  author={Heinzelman, Wendi Rabiner and Sinha, Amit and Wang, Alice and Chandrakasan, Anantha P},
  booktitle={2000 IEEE International Conference on Acoustics, Speech, and Signal Processing. Proceedings (Cat. No. 00CH37100)},
  volume={6},
  pages={3722--3725},
  year={2000},
  organization={IEEE}
}

@article{sefati2022cluster,
  title={Cluster selection for load balancing in flying ad hoc networks using an optimal low-energy adaptive clustering hierarchy based on optimization approach},
  author={Sefati, Seyed Salar and Halunga, Simona and Farkhady, Roya Zareh},
  journal={Aircraft Engineering and Aerospace Technology},
  volume={94},
  number={8},
  pages={1344--1356},
  year={2022},
  publisher={Emerald Publishing Limited}
}

@article{ghazy2023low,
  title={Low-latency low-energy adaptive clustering hierarchy protocols for underwater acoustic networks},
  author={Ghazy, Abdallah S and Kaddoum, Georges and Singh, Satinder},
  journal={IEEE Access},
  volume={11},
  pages={50578--50594},
  year={2023},
  publisher={IEEE}
}

@article{bagherzadeh2022survey,
  title={Survey on low energy adaptive clustering hierarchical protocol},
  author={Bagherzadeh Asl, Khatereh and Alburaikan, Alhanouf},
  journal={Big data and computing visions},
  volume={2},
  number={3},
  pages={112--116},
  year={2022},
  publisher={REA Press}
}

@inproceedings{royer1999multicast,
  title={Multicast operation of the ad-hoc on-demand distance vector routing protocol},
  author={Royer, Elizabeth M and Perkins, Charles E},
  booktitle={Proceedings of the 5th annual ACM/IEEE international conference on Mobile computing and networking},
  pages={207--218},
  year={1999}
}

@article{mu2017improved,
  title={An improved AODV routing for the zigbee heterogeneous networks in 5G environment},
  author={Mu, Jiasong},
  journal={Ad Hoc Networks},
  volume={58},
  pages={13--24},
  year={2017},
  publisher={Elsevier}
}

@article{khan2007simple,
  title={A simple randomized scheme for constructing low-weight k-connected spanning subgraphs with applications to distributed algorithms},
  author={Khan, Maleq and Pandurangan, Gopal and Kumar, VS Anil},
  journal={Theoretical Computer Science},
  volume={385},
  number={1-3},
  pages={101--114},
  year={2007},
  publisher={Elsevier}
}

@article{kortsarz2003approximating,
  title={Approximating node connectivity problems via set covers},
  author={Kortsarz, Guy and Nutov, Zeev},
  journal={Algorithmica},
  volume={37},
  pages={75--92},
  year={2003},
  publisher={Springer}
}

@inproceedings{kortsarz2004approximation,
  title={Approximation algorithm for k-node connected subgraphs via critical graphs},
  author={Kortsarz, Guy and Nutov, Zeev},
  booktitle={Proceedings of the thirty-sixth annual ACM symposium on Theory of computing},
  pages={138--145},
  year={2004}
}

